@book{womak:lean-thinking,
    author  = {James P. Womack, Daniel T. Jones},
    title   = {Lean Thinking, Second Editon},
    publisher = {Simon \& Schuster, Inc.},
    year    = {2010}
}

@book{governance-institute:it-governance,
	author	= {Robert S. Roussey},
	title	= {Board Briefing on IT Governance},
	publisher  = {IT Governance Institute},
	year 	= {2006}
}

@online{site:agile-manifesto,
    title   = {Manifesto Agile},
    url     = {http://agilemanifesto.org/iso/it/}
}

@online{site:kanban,
		title		= {Kanban Agile},
		url			= {http://kanbanblog.com/explained/}
}
